@ARTICLE{kpca_lda,
  author={Jian Yang and Frangi, A.F. and Jing-Yu Yang and David Zhang and Zhong Jin},
  journal={IEEE Transactions on Pattern Analysis and Machine Intelligence}, 
  title={KPCA plus LDA: a complete kernel Fisher discriminant framework for feature extraction and recognition}, 
  year={2005},
  volume={27},
  number={2},
  pages={230-244},
  doi={10.1109/TPAMI.2005.33}
}

